
% Journals

% First the Full Name is given, then the abbreviation used in the AMS Math
% Reviews, with an indication if it could not be found there.
% Note the 2nd overwrites the 1st, so swap them if you want the full name.

 %{AMS}
 @String{AMSTrans = "American Mathematical Society Translations" }
 @String{AMSTrans = "Amer. Math. Soc. Transl." }
 @String{BullAMS = "Bulletin of the American Mathematical Society" }
 @String{BullAMS = "Bull. Amer. Math. Soc." }
 @String{ProcAMS = "Proceedings of the American Mathematical Society" }
 @String{ProcAMS = "Proc. Amer. Math. Soc." }
 @String{TransAMS = "Transactions of the American Mathematical Society" }
 @String{TransAMS = "Trans. Amer. Math. Soc." }

 %ACM
 @String{CACM = "Communications of the {ACM}" }
 @String{CACM = "Commun. {ACM}" }
 @String{CompServ = "Comput. Surveys" }
 @String{JACM = "J. ACM" }
 @String{ACMMathSoft = "{ACM} Transactions on Mathematical Software" }
 @String{ACMMathSoft = "{ACM} Trans. Math. Software" }
 @String{SIGNUM = "{ACM} {SIGNUM} Newsletter" }
 @String{SIGNUM = "{ACM} {SIGNUM} Newslett." }

 @String{AmerSocio = "American Journal of Sociology" }
 @String{AmerStatAssoc = "Journal of the American Statistical Association" }
 @String{AmerStatAssoc = "J. Amer. Statist. Assoc." }
 @String{ApplMathComp = "Applied Mathematics and Computation" }
 @String{ApplMathComp = "Appl. Math. Comput." }
 @String{AmerMathMonthly = "American Mathematical Monthly" }
 @String{AmerMathMonthly = "Amer. Math. Monthly" }
 @String{BIT = "{BIT}" }
 @String{BritStatPsych = "British Journal of Mathematical and Statistical
          Psychology" }
 @String{BritStatPsych = "Brit. J. Math. Statist. Psych." }
 @String{CanMathBull = "Canadian Mathematical Bulletin" }
 @String{CanMathBull = "Canad. Math. Bull." }
 @String{CompApplMath = "Journal of Computational and Applied Mathematics" }
 @String{CompApplMath = "J. Comput. Appl. Math." }
 @String{CompPhys = "Journal of Computational Physics" }
 @String{CompPhys = "J. Comput. Phys." }
 @String{CompStruct = "Computers and Structures" }
 @String{CompStruct = "Comput. \& Structures" }
 @String{CompJour = "The Computer Journal" }
 @String{CompJour = "Comput. J." }
 @String{CompSysSci = "Journal of Computer and System Sciences" }
 @String{CompSysSci = "J. Comput. System Sci." }
 @String{Computing = "Computing" }
 @String{ContempMath = "Contemporary Mathematics" }
 @String{ContempMath = "Contemp. Math." }
 @String{Crelle = "Crelle's Journal" }
 @String{GiornaleMath = "Giornale di Mathematiche" }
 @String{GiornaleMath = "Giorn. Mat." } % didn't find in AMS MR., ibid.

 %IEEE
 @String{Computer = "{IEEE} Computer" }
 @String{IEEETransComp = "{IEEE} Transactions on Computers" }
 @String{IEEETransComp = "{IEEE} Trans. Comput." }
 @String{IEEETransAC = "{IEEE} Transactions on Automatic Control" }
 @String{IEEETransAC = "{IEEE} Trans. Automat. Control" }
 @String{IEEESpec = "{IEEE} Spectrum" } % didn't find in AMS MR
 @String{ProcIEEE = "Proceedings of the {IEEE}" }
 @String{ProcIEEE = "Proc. {IEEE}" } % didn't find in AMS MR
 @String{IEEETransAeroElec = "{IEEE} Transactions on Aerospace and Electronic
     Systems" }
 @String{IEEETransAeroElec = "{IEEE} Trans. Aerospace Electron. Systems" }

 @String{IMANumerAna = "{IMA} Journal of Numerical Analysis" }
 @String{IMANumerAna = "{IMA} J. Numer. Anal." }
 @String{InfProcLet = "Information Processing Letters" }
 @String{InfProcLet = "Inform. Process. Lett." }
 @String{InstMathApp = "Journal of the Institute of Mathematics and
     its Applications" }
 @String{InstMathApp = "J. Inst. Math. Appl." }
 @String{IntControl = "International Journal of Control" }
 @String{IntControl = "Internat. J. Control" }
 @String{IntNumerEng = "International Journal for Numerical Methods in
     Engineering" }
 @String{IntNumerEng = "Internat. J. Numer. Methods Engrg." }
 @String{IntSuper = "International Journal of Supercomputing Applications" }
 @String{IntSuper = "Internat. J. Supercomputing Applic." } % didn't find
%% in AMS MR
 @String{Kibernetika = "Kibernetika" }
 @String{JResNatBurStand = "Journal of Research of the National Bureau
     of Standards" }
 @String{JResNatBurStand = "J. Res. Nat. Bur. Standards" }
 @String{LinAlgApp = "Linear Algebra and its Applications" }
 @String{LinAlgApp = "Linear Algebra Appl." }
 @String{MathAnaAppl = "Journal of Mathematical Analysis and Applications" }
 @String{MathAnaAppl = "J. Math. Anal. Appl." }
 @String{MathAnnalen = "Mathematische Annalen" }
 @String{MathAnnalen = "Math. Ann." }
 @String{MathPhys = "Journal of Mathematical Physics" }
 @String{MathPhys = "J. Math. Phys." }
 @String{MathComp = "Mathematics of Computation" }
 @String{MathComp = "Math. Comp." }
 @String{MathScand = "Mathematica Scandinavica" }
 @String{MathScand = "Math. Scand." }
 @String{TablesAidsComp = "Mathematical Tables and Other Aids to Computation" }
 @String{TablesAidsComp = "Math. Tables Aids Comput." }
 @String{NumerMath = "Numerische Mathematik" }
 @String{NumerMath = "Numer. Math." }
 @String{PacificMath = "Pacific Journal of Mathematics" }
 @String{PacificMath = "Pacific J. Math." }
 @String{ParDistComp = "Journal of Parallel and Distributed Computing" }
 @String{ParDistComp = "J. Parallel and Distrib. Comput." } % didn't find
%% in AMS MR
 @String{ParComputing = "Parallel Computing" }
 @String{ParComputing = "Parallel Comput." }
 @String{PhilMag = "Philosophical Magazine" }
 @String{PhilMag = "Philos. Mag." }
 @String{ProcNAS = "Proceedings of the National Academy of Sciences
                    of the USA" }
 @String{ProcNAS = "Proc. Nat. Acad. Sci. U. S. A." }
 @String{Psychometrika = "Psychometrika" }
 @String{QuartMath = "Quarterly Journal of Mathematics, Oxford, Series (2)" }
 @String{QuartMath = "Quart. J. Math. Oxford Ser. (2)" }
 @String{QuartApplMath = "Quarterly of Applied Mathematics" }
 @String{QuartApplMath = "Quart. Appl. Math." }
 @String{RevueInstStat = "Review of the International Statisical Institute" }
 @String{RevueInstStat = "Rev. Inst. Internat. Statist." }

 %SIAM
 @String{JSIAM = "Journal of the Society for Industrial and Applied
     Mathematics" }
 @String{JSIAM = "J. Soc. Indust. Appl. Math." }
 @String{JSIAMB = "Journal of the Society for Industrial and Applied
     Mathematics, Series B, Numerical Analysis" }
 @String{JSIAMB = "J. Soc. Indust. Appl. Math. Ser. B Numer. Anal." }
 @String{SIAMAlgMeth = "{SIAM} Journal on Algebraic and Discrete Methods" }
 @String{SIAMAlgMeth = "{SIAM} J. Algebraic Discrete Methods" }
 @String{SIAMAppMath = "{SIAM} Journal on Applied Mathematics" }
 @String{SIAMAppMath = "{SIAM} J. Appl. Math." }
 @String{SIAMComp = "{SIAM} Journal on Computing" }
 @String{SIAMComp = "{SIAM} J. Comput." }
 @String{SIAMMatrix = "{SIAM} Journal on Matrix Analysis and Applications" }
 @String{SIAMMatrix = "{SIAM} J. Matrix Anal. Appl." }
 @String{SIAMNumAnal = "{SIAM} Journal on Numerical Analysis" }
 @String{SIAMNumAnal = "{SIAM} J. Numer. Anal." }
 @String{SIAMReview = "{SIAM} Review" }
 @String{SIAMReview = "{SIAM} Rev." }
 @String{SIAMSciStat = "{SIAM} Journal on Scientific and Statistical
     Computing" }
 @String{SIAMSciStat = "{SIAM} J. Sci. Statist. Comput." }

 @String{SoftPracExp = "Software Practice and Experience" }
 @String{SoftPracExp = "Software Prac. Experience" } % didn't find in AMS MR
 @String{StatScience = "Statistical Science" }
 @String{StatScience = "Statist. Sci." }
 @String{Techno = "Technometrics" }
 @String{USSRCompMathPhys = "{USSR} Computational Mathematics and Mathematical
     Physics" }
 @String{USSRCompMathPhys = "{U. S. S. R.} Comput. Math. and Math. Phys." }
 @String{VLSICompSys = "Journal of {VLSI} and Computer Systems" }
 @String{VLSICompSys = "J. {VLSI} Comput. Syst." }
 @String{ZAngewMathMech = "Zeitschrift fur Angewandte Mathematik und
     Mechanik" }
 @String{ZAngewMathMech = "Z. Angew. Math. Mech." }
 @String{ZAngewMathPhys = "Zeitschrift fur Angewandte Mathematik und Physik" }
 @String{ZAngewMathPhys = "Z. Angew. Math. Phys." }

% Publishers % ================================================= |

 @String{Academic = "Academic Press" }
 @String{ACMPress = "{ACM} Press" }
 @String{AdamHilger = "Adam Hilger" }
 @String{AddisonWesley = "Addison-Wesley" }
 @String{AllynBacon = "Allyn and Bacon" }
 @String{AMS = "American Mathematical Society" }
 @String{Birkhauser = "Birkha{\"u}ser" }
 @String{CambridgePress = "Cambridge University Press" }
 @String{Chelsea = "Chelsea" }
 @String{ClaredonPress = "Claredon Press" }
 @String{DoverPub = "Dover Publications" }
 @String{Eyolles = "Eyolles" }
 @String{HoltRinehartWinston = "Holt, Rinehart and Winston" }
 @String{Interscience = "Interscience" }
 @String{JohnsHopkinsPress = "The Johns Hopkins University Press" }
 @String{JohnWileySons = "John Wiley and Sons" }
 @String{Macmillan = "Macmillan" }
 @String{MathWorks = "The Math Works Inc." }
 @String{McGrawHill = "McGraw-Hill" }
 @String{NatBurStd = "National Bureau of Standards" }
 @String{NorthHolland = "North-Holland" }
 @String{OxfordPress = "Oxford University Press" }  %address Oxford or London?
 @String{PergamonPress = "Pergamon Press" }
 @String{PlenumPress = "Plenum Press" }
 @String{PrenticeHall = "Prentice-Hall" }
 @String{SIAMPub = "{SIAM} Publications" }
 @String{Springer = "Springer-Verlag" }
 @String{TexasPress = "University of Texas Press" }
 @String{VanNostrand = "Van Nostrand" }
 @String{WHFreeman = "W. H. Freeman and Co." }


@inproceedings{valentine,
	author       = {Christos Koutras and
	George Siachamis and
	Andra Ionescu and
	Kyriakos Psarakis and
	Jerry Brons and
	Marios Fragkoulis and
	Christoph Lofi and
	Angela Bonifati and
	Asterios Katsifodimos},
	title        = {Valentine: Evaluating Matching Techniques for Dataset Discovery},
	booktitle    = {37th {IEEE} International Conference on Data Engineering, {ICDE} 2021,
	Chania, Greece, April 19-22, 2021},
	pages        = {468--479},
	publisher    = {{IEEE}},
	year         = {2021},
	url          = {https://doi.org/10.1109/ICDE51399.2021.00047},
	doi          = {10.1109/ICDE51399.2021.00047},
	timestamp    = {Wed, 07 Dec 2022 23:09:59 +0100},
	biburl       = {https://dblp.org/rec/conf/icde/KoutrasSIPBFLBK21.bib},
	bibsource    = {dblp computer science bibliography, https://dblp.org}
}

@inproceedings{Aurum,
	author       = {Raul Castro Fernandez and
	Ziawasch Abedjan and
	Famien Koko and
	Gina Yuan and
	Samuel Madden and
	Michael Stonebraker},
	title        = {Aurum: {A} Data Discovery System},
	booktitle    = {34th {IEEE} International Conference on Data Engineering, {ICDE} 2018,
	Paris, France, April 16-19, 2018},
	pages        = {1001--1012},
	publisher    = {{IEEE} Computer Society},
	year         = {2018}
}


@inproceedings{SemProp,
	author       = {Raul Castro Fernandez and
	Essam Mansour and
	Abdulhakim Ali Qahtan and
	Ahmed K. Elmagarmid and
	Ihab F. Ilyas and
	Samuel Madden and
	Mourad Ouzzani and
	Michael Stonebraker and
	Nan Tang},
	title        = {Seeping Semantics: Linking Datasets Using Word Embeddings for Data
	Discovery},
	booktitle    = {34th {IEEE} International Conference on Data Engineering, {ICDE} 2018,
	Paris, France, April 16-19, 2018},
	pages        = {989--1000},
	publisher    = {{IEEE} Computer Society},
	year         = {2018}
}

@inproceedings{Pexeso,
  author       = {Yuyang Dong and
                  Kunihiro Takeoka and
                  Chuan Xiao and
                  Masafumi Oyamada},
  title        = {Efficient Joinable Table Discovery in Data Lakes: {A} High-Dimensional
                  Similarity-Based Approach},
  booktitle    = {37th {IEEE} International Conference on Data Engineering, {ICDE} 2021,
                  Chania, Greece, April 19-22, 2021},
  pages        = {456--467},
  publisher    = {{IEEE}},
  year         = {2021}
}


@inproceedings{InfoGather,
	author       = {Mohamed Yakout and
	Kris Ganjam and
	Kaushik Chakrabarti and
	Surajit Chaudhuri},
	editor       = {K. Sel{\c{c}}uk Candan and
	Yi Chen and
	Richard T. Snodgrass and
	Luis Gravano and
	Ariel Fuxman},
	title        = {InfoGather: entity augmentation and attribute discovery by holistic
	matching with web tables},
	booktitle    = {Proceedings of the {ACM} {SIGMOD} International Conference on Management
	of Data, {SIGMOD} 2012, Scottsdale, AZ, USA, May 20-24, 2012},
	pages        = {97--108},
	publisher    = {{ACM}},
	year         = {2012}
}

@inproceedings{Josie,
  author       = {Erkang Zhu and
                  Dong Deng and
                  Fatemeh Nargesian and
                  Ren{\'{e}}e J. Miller},
  editor       = {Peter A. Boncz and
                  Stefan Manegold and
                  Anastasia Ailamaki and
                  Amol Deshpande and
                  Tim Kraska},
  title        = {{JOSIE:} Overlap Set Similarity Search for Finding Joinable Tables
                  in Data Lakes},
  booktitle    = {Proceedings of the 2019 International Conference on Management of
                  Data, {SIGMOD} Conference 2019, Amsterdam, The Netherlands, June 30
                  - July 5, 2019},
  pages        = {847--864},
  publisher    = {{ACM}},
  year         = {2019}
}

@article{LshEn,
  author       = {Erkang Zhu and
                  Fatemeh Nargesian and
                  Ken Q. Pu and
                  Ren{\'{e}}e J. Miller},
  title        = {{LSH} Ensemble: Internet-Scale Domain Search},
  journal      = {Proc. {VLDB} Endow.},
  volume       = {9},
  number       = {12},
  pages        = {1185--1196},
  year         = {2016}
}

@article{Arda,
  author       = {Nadiia Chepurko and
                  Ryan Marcus and
                  Emanuel Zgraggen and
                  Raul Castro Fernandez and
                  Tim Kraska and
                  David R. Karger},
  title        = {{ARDA:} Automatic Relational Data Augmentation for Machine Learning},
  journal      = {Proc. {VLDB} Endow.},
  volume       = {13},
  number       = {9},
  pages        = {1373--1387},
  year         = {2020}
}


@inproceedings{Leva,
  author       = {Zixuan Zhao and
                  Raul Castro Fernandez},
  editor       = {Zachary G. Ives and
                  Angela Bonifati and
                  Amr El Abbadi},
  title        = {Leva: Boosting Machine Learning Performance with Relational Embedding
                  Data Augmentation},
  booktitle    = {{SIGMOD} '22: International Conference on Management of Data, Philadelphia,
                  PA, USA, June 12 - 17, 2022},
  pages        = {1504--1517},
  publisher    = {{ACM}},
  year         = {2022}
}

@article{Metam,
  author       = {Sainyam Galhotra and
                  Yue Gong and
                  Raul Castro Fernandez},
  title        = {{METAM:} Goal-Oriented Data Discovery},
  journal      = {CoRR},
  volume       = {abs/2304.09068},
  year         = {2023}
}

@inproceedings{AutoFeature,
  author       = {Jiabin Liu and
                  Chengliang Chai and
                  Yuyu Luo and
                  Yin Lou and
                  Jianhua Feng and
                  Nan Tang},
  title        = {Feature Augmentation with Reinforcement Learning},
  booktitle    = {38th {IEEE} International Conference on Data Engineering, {ICDE} 2022,
                  Kuala Lumpur, Malaysia, May 9-12, 2022},
  pages        = {3360--3372},
  publisher    = {{IEEE}},
  year         = {2022}
}

@article{AutoData,
  author       = {Chengliang Chai and
                  Jiabin Liu and
                  Nan Tang and
                  Guoliang Li and
                  Yuyu Luo},
  title        = {Selective Data Acquisition in the Wild for Model Charging},
  journal      = {Proc. {VLDB} Endow.},
  volume       = {15},
  number       = {7},
  pages        = {1466--1478},
  year         = {2022}
}


@article{Starmie,
  author       = {Grace Fan and
                  Jin Wang and
                  Yuliang Li and
                  Dan Zhang and
                  Ren{\'{e}}e J. Miller},
  title        = {Semantics-aware Dataset Discovery from Data Lakes with Contextualized
                  Column-based Representation Learning},
  journal      = {Proc. {VLDB} Endow.},
  volume       = {16},
  number       = {7},
  pages        = {1726--1739},
  year         = {2023}
}


@inproceedings{D3L,
  author       = {Alex Bogatu and
                  Alvaro A. A. Fernandes and
                  Norman W. Paton and
                  Nikolaos Konstantinou},
  title        = {Dataset Discovery in Data Lakes},
  booktitle    = {36th {IEEE} International Conference on Data Engineering, {ICDE} 2020,
                  Dallas, TX, USA, April 20-24, 2020},
  pages        = {709--720},
  publisher    = {{IEEE}},
  year         = {2020}
}

@inproceedings{Frt12,
  author       = {Anish Das Sarma and
                  Lujun Fang and
                  Nitin Gupta and
                  Alon Y. Halevy and
                  Hongrae Lee and
                  Fei Wu and
                  Reynold Xin and
                  Cong Yu},
  editor       = {K. Sel{\c{c}}uk Candan and
                  Yi Chen and
                  Richard T. Snodgrass and
                  Luis Gravano and
                  Ariel Fuxman},
  title        = {Finding related tables},
  booktitle    = {Proceedings of the {ACM} {SIGMOD} International Conference on Management
                  of Data, {SIGMOD} 2012, Scottsdale, AZ, USA, May 20-24, 2012},
  pages        = {817--828},
  publisher    = {{ACM}},
  year         = {2012}
}

@article{Santos,
  author       = {Aamod Khatiwada and
                  Grace Fan and
                  Roee Shraga and
                  Zixuan Chen and
                  Wolfgang Gatterbauer and
                  Ren{\'{e}}e J. Miller and
                  Mirek Riedewald},
  title        = {{SANTOS:} Relationship-based Semantic Table Union Search},
  journal      = {CoRR},
  volume       = {abs/2209.13589},
  year         = {2022}
}

@article{TUS,
  author       = {Fatemeh Nargesian and
                  Erkang Zhu and
                  Ken Q. Pu and
                  Ren{\'{e}}e J. Miller},
  title        = {Table Union Search on Open Data},
  journal      = {Proc. {VLDB} Endow.},
  volume       = {11},
  number       = {7},
  pages        = {813--825},
  year         = {2018}
}

@article{DeepJoin,
  author       = {Yuyang Dong and
                  Chuan Xiao and
                  Takuma Nozawa and
                  Masafumi Enomoto and
                  Masafumi Oyamada},
  title        = {DeepJoin: Joinable Table Discovery with Pre-trained Language Models},
  journal      = {CoRR},
  volume       = {abs/2212.07588},
  year         = {2022}
}

@article{LakeBench,
  author       = {Kavitha Srinivas and
                  Julian Dolby and
                  Ibrahim Abdelaziz and
                  Oktie Hassanzadeh and
                  Harsha Kokel and
                  Aamod Khatiwada and
                  Tejaswini Pedapati and
                  Subhajit Chaudhury and
                  Horst Samulowitz},
  title        = {LakeBench: Benchmarks for Data Discovery over Data Lakes},
  journal      = {CoRR},
  volume       = {abs/2307.04217},
  year         = {2023}
}

@misc{OpenData,
	title = {{O}penData},  
	howpublished = "\url{https://open.canada.ca/}"
}

@misc{WebTable,
	title = {{W}ebTable},  
	howpublished = "\url{https://webdatacommons.org/webtables/}"
}


@misc{DrugCentral,
	title = {{D}rugCentral},  
	howpublished = "\url{http://drugcentral.org/download}",
	year = 2017
}


